<record><leader>00000cas a22000007a 4500</leader><controlfield tag="001">12396307</controlfield><controlfield tag="008">850817d19281946pauwr ne      0    0eng d</controlfield><datafield ind1=" " ind2=" " tag="010"><subfield code="a">sn 85038403 </subfield></datafield><datafield ind1=" " ind2=" " tag="040"><subfield code="a">NPY</subfield><subfield code="b">eng</subfield><subfield code="c">NPY</subfield><subfield code="d">NPH</subfield><subfield code="d">OCLCQ</subfield></datafield><datafield ind1=" " ind2=" " tag="042"><subfield code="a">msc</subfield></datafield><datafield ind1="0" ind2="0" tag="245"><subfield code="a">Honey Brook herald.</subfield></datafield><datafield ind1="1" ind2="7" tag="246"><subfield code="a">Herald</subfield></datafield><datafield ind1=" " ind2=" " tag="260"><subfield code="a">Honey Brook, Pa. :</subfield><subfield code="b">Edwards &amp; Andes,</subfield><subfield code="c">1928-1946.</subfield></datafield><datafield ind1=" " ind2=" " tag="300"><subfield code="a">18 v. :</subfield><subfield code="b">ill. (chiefly advertisements) ;</subfield><subfield code="c">45-56 cm.</subfield></datafield><datafield ind1=" " ind2=" " tag="310"><subfield code="a">Weekly</subfield></datafield><datafield ind1="0" ind2=" " tag="362"><subfield code="a">Vol. 1, no. 1 (May 10, 1928)-v. 18, no. 38 (Jan. 31, 1946).</subfield></datafield><datafield ind1=" " ind2=" " tag="500"><subfield code="a">Publishers: Martin L. Andes and Charles W. Edwards, &lt;1928&gt;; Honey Brook Herald, Inc., &lt;1940&gt;.</subfield></datafield><datafield ind1=" " ind2=" " tag="500"><subfield code="a">Editor: Martin L. Andes.</subfield></datafield><datafield ind1=" " ind2=" " tag="752"><subfield code="a">United States</subfield><subfield code="b">Pennsylvania</subfield><subfield code="c">Chester</subfield><subfield code="d">Honey Brook.</subfield></datafield><datafield ind1="0" ind2="0" tag="785"><subfield code="t">Northern Chester County herald</subfield><subfield code="w">(DLC)sn 89077165</subfield></datafield><datafield ind1="1" ind2=" " tag="029"><subfield code="a">AU@</subfield><subfield code="b">000025793753</subfield></datafield></record>